@misc{redwine2017,
  author       = {Cortez, Paulo and UCI Machine Learning Repository},
  title        = {Red Wine Quality Dataset},
  year         = {2017},
  url          = {https://www.kaggle.com/datasets/uciml/red-wine-quality-cortez-et-al-2009},
  note         = {Accessed: 2024-11-13}
}

@misc{mushroom2024,
  author       = {Sawhney, Prisha},
  title        = {Mushroom Dataset - Binary Classification},
  year         = {2024},
  url          = {https://www.kaggle.com/datasets/prishasawhney/mushroom-dataset/data},
  note         = {Accessed: 2024-11-13}
}
